@book{goksel2004turkish,
  title={Turkish: A comprehensive grammar},
  author={G{\"o}ksel, Asl{\i} and Kerslake, Celia},
  year={2004},
  publisher={Routledge}
}

@misc{barker2011possessives,
  title={Possessives and relational nouns. In von Heusinger, Maienborn, and Portner (eds). Semantics: An International Handbook of Natural Language Meaning. HSK 33.2},
  author={Barker, Chris},
  year={2011},
  publisher={Berlin: de Gruyter}
}

@article{davidson1967logical,
  title={The logical form of action sentences},
  author={Davidson, Donald},
  year={1967}
}

@unpublished{kratzer2002,
author  = "Kratzer, Angelika",
title   = "The Event Argument and the Semantics of Verbs",
year    = "2002"
}

@article{vikner2002semantic,
  title={A semantic analysis of the English genitive. Interaction of lexical and formal semantics},
  author={Vikner, Carl and Jensen, Per Anker},
  journal={Studia Linguistica},
  volume={56},
  number={2},
  pages={191--226},
  year={2002},
  publisher={Wiley Online Library}
}

@book{booij2019morphology,
  title={The morphology of Dutch},
  author={Booij, Geert},
  year={2019},
  publisher={Oxford University Press}
}

@article{booij2005compounding,
  title={Compounding and derivation: evidence for Construction Morphology},
  author={Booij, Geert},
  journal={AMSTERDAM STUDIES IN THE THEORY AND HISTORY OF LINGUISTIC SCIENCE SERIES 4},
  volume={264},
  pages={109},
  year={2005},
  publisher={Amsterdam; Philadelphia; J. Benjamins Pub. Co; 1999}
}

@book{koenig1999lexical,
  title={Lexical relations Stanford Monographs in Linguistics},
  author={Koenig, Jean-Pierre},
  year={1999},
  publisher={Stanford, CA: CSLI Publications}
}

@article{champollion2015interaction,
  title={The interaction of compositional semantics and event semantics},
  author={Champollion, Lucas},
  journal={Linguistics and Philosophy},
  volume={38},
  number={1},
  pages={31--66},
  year={2015},
  publisher={Springer}
}

@book{chung2003restriction,
  title={Restriction and saturation},
  author={Chung, Sandra and Ladusaw, William A},
  volume={42},
  year={2003},
  publisher={MIT press}
}

@article{dayal2003semantics,
  title={A semantics for pseudo-incorporation},
  author={Dayal, Veneeta},
  journal={Ms., Rutgers University},
  year={2003}
}

@MISC{Halle93distributedmorphology,
    author = {Morris Halle and Alec Marantz},
    title = {Distributed Morphology and the Pieces of Inflection},
    year = {1993}
}

@article{halle1994some,
  title={{Some key features of Distributed Morphology}},
  author={Halle, Morris and Marantz, Alec},
  journal={MIT working papers in linguistics},
  volume={21},
  number={275},
  pages={88},
  year={1994}
}

@incollection{kratzer1996severing,
  title={Severing the external argument from its verb},
  author={Kratzer, Angelika},
  booktitle={Phrase structure and the lexicon},
  pages={109--137},
  year={1996},
  publisher={Springer}
}

@article{ozturk2016possessive,
  title={{Possessive constructions in Turkish}},
  author={{\"O}zt{\"u}rk, Balk{\i}z and Taylan, Eser Erguvanl{\i}},
  journal={Lingua},
  volume={182},
  pages={88--108},
  year={2016},
  publisher={Elsevier}
}

@book{ozturk2005case,
  title={{Case, Referentiality and Phrase Structure}},
  author={{\"O}zt{\"u}rk, Balk{\i}z},
  year={2005},
  publisher={John Benjamins Publishing Company}
}

@article{dowty1991thematic,
  title={Thematic proto-roles and argument selection},
  author={Dowty, David},
  journal={language},
  volume={67},
  number={3},
  pages={547--619},
  year={1991},
  publisher={Linguistic Society of America}
}

@book{parsons1990events,
  title={Events in the Semantics of English},
  author={Parsons, Terence},
  volume={334},
  year={1990},
  publisher={MIT press Cambridge, MA}
}

@book{maienborn2011event,
  title={Event semantics},
  author={Maienborn, Claudia},
  year={2011},
  publisher={De Gruyter Mouton}
}

@article{kratzer19952,
  title={2 STAGE-LEVEL AND INDIVIDUAL-LEVEL PREDICATES},
  author={Kratzer, Angelika},
  journal={The generic book},
  pages={125},
  year={1995},
  publisher={University of Chicago Press}
}

@article{ozturk2009incorporating,
  title={Incorporating agents},
  author={{\"O}zt{\"u}rk, Balk{\i}z},
  journal={Lingua},
  volume={119},
  number={2},
  pages={334--358},
  year={2009},
  publisher={Elsevier}
}

@article{baker2009agent,
  title={On agent nominalizations and why they are not like event nominalizations},
  author={Baker, Mark C and Vinokurova, Nadya},
  journal={Language},
  pages={517--556},
  year={2009},
  publisher={JSTOR}
}

@article{chierchia1985formal,
  title={Formal semantics and the grammar of predication},
  author={Chierchia, Gennaro},
  journal={Linguistic inquiry},
  volume={16},
  number={3},
  pages={417--443},
  year={1985},
  publisher={JSTOR}
}

@article{lieber2006lexical,
  title={The Lexical Integrity Hypothesis in a new theoretical universe},
  author={Lieber, Rochelle and Scalise, Sergio},
  journal={Lingue e linguaggio},
  number={1},
  pages={7--32},
  year={2006},
  publisher={Societ{\`a} editrice il Mulino}
}

@article{bresnan1995lexical,
  title={The lexical integrity principle: Evidence from Bantu},
  author={Bresnan, Joan and Mchombo, Sam A},
  journal={Natural Language \& Linguistic Theory},
  volume={13},
  number={2},
  pages={181--254},
  year={1995},
  publisher={Springer}
}

@inproceedings{kunduraci2016morphology,
  title={Morphology: the base processor},
  author={Kundurac{\i}, Aysun and G{\"o}ksel, Asl{\i}},
  booktitle={Mediterranean Morphology Meetings},
  volume={10},
  pages={88--97},
  year={2016}
}

@article{goksel2015phrasal,
  title={Phrasal compounds in Turkish: Distinguishing citations from quotations},
  author={G{\"o}ksel, Asl{\i}},
  journal={STUF-Language Typology and Universals},
  volume={68},
  number={3},
  pages={359--394},
  year={2015},
  publisher={De Gruyter}
}

@article{lewis2006computational,
  title={Computational principles of working memory in sentence comprehension},
  author={Lewis, Richard L and Vasishth, Shravan and Van Dyke, Julie A},
  journal={Trends in cognitive sciences},
  volume={10},
  number={10},
  pages={447--454},
  year={2006},
  publisher={Elsevier}
}